@article{yang2019electric,
  title={Electric Load Forecasting Using Long Short-term Memory Algorithm},
  author={Yang, Tianshu},
  year={2019}
}

@article{moon2019comparative,
  title={A comparative analysis of artificial neural network architectures for building energy consumption forecasting},
  author={Moon, Jihoon and Park, Sungwoo and Rho, Seungmin and Hwang, Eenjun},
  journal={International Journal of Distributed Sensor Networks},
  volume={15},
  number={9},
  pages={1550147719877616},
  year={2019},
  publisher={SAGE Publications Sage UK: London, England}
}
https://github.com/bnsreenu/python_for_microscopists

@article{fallah2019computational,
  title={Computational intelligence on short-term load forecasting: A methodological overview},
  author={Fallah, Seyedeh Narjes and Ganjkhani, Mehdi and Shamshirband, Shahaboddin and Chau, Kwok-wing},
  journal={Energies},
  volume={12},
  number={3},
  pages={393},
  year={2019},
  publisher={Multidisciplinary Digital Publishing Institute}
}